@book{troelstra,
  title={Lectures on Linear Logic},
  author={Troelstra, A.S.},
  isbn={9780937073773},
  lccn={lc91038902},
  series={Center for the Study of Language and Information Publication Lecture Notes},
  year={1992},
  publisher={Cambridge University Press}
}

@InCollection{proof-herstory,
	author       =	{von Plato, Jan},
	title        =	{{The Development of Proof Theory}},
	booktitle    =	{The {Stanford} Encyclopedia of Philosophy},
	editor       =	{Edward N. Zalta},
	howpublished =	{\url{https://plato.stanford.edu/archives/win2018/entries/proof-theory-development/}},
	year         =	{2018},
	edition      =	{{W}inter 2018},
	publisher    =	{Metaphysics Research Lab, Stanford University}
}

@InCollection{ll-herstory,
	author       =	{Di Cosmo, Roberto and Miller, Dale},
	title        =	{{Linear Logic}},
	booktitle    =	{The {Stanford} Encyclopedia of Philosophy},
	editor       =	{Edward N. Zalta and Uri Nodelman},
	howpublished =	{\url{https://plato.stanford.edu/archives/fall2023/entries/logic-linear/}},
	year         =	{2023},
	edition      =	{{F}all 2023},
	publisher    =	{Metaphysics Research Lab, Stanford University}
}

@article{girard,
    author = {Girard, Jean-Yves},
    title = {Linear logic},
    year = {1987},
    issue_date = {Jan. 30, 1987},
    publisher = {Elsevier Science Publishers Ltd.},
    address = {GBR},
    volume = {50},
    number = {1},
    issn = {0304-3975},
    url = {https://doi.org/10.1016/0304-3975(87)90045-4},
    doi = {10.1016/0304-3975(87)90045-4},
    journal = {Theor. Comput. Sci.},
    month = jan,
    pages = {1â€“102},
    numpages = {102}
}
